 @misc{ wiki:EulerGasEquation,
   author = "Wikipedia",
   title = "Euler equations (fluid dynamics) --- Wikipedia{,} The Free Encyclopedia",
   year = "2017",
   url = "\url{https://en.wikipedia.org/w/index.php?		title=Euler_equations_(fluid_dynamics)&oldid=784465597}",
	note = "[Online; accessed 26-June-2017]"}
	
 @misc{ wiki:ChockWaves,
   author = "Wikipedia",
   title = "Shock wave --- Wikipedia{,} The Free Encyclopedia",
   year = "2017",
   url = "\url{https://en.wikipedia.org/w/index.php?title=Shock_wave&oldid=786698716}",
	note = "[Online; accessed 26-June-2017]"}

@article{articleBase,
  title={A Second-Order Finite-Difference Method for Compressible Fluids in Domains with Moving Boundaries},
  author={Coco Armando, Chertock Alina, Kurganov Alexander Russo Giovanni},
  year={2017}
}